<record><leader>00000cas a2200000 a 4500</leader><controlfield tag="001">18604661</controlfield><controlfield tag="008">881013d19151934iludn ne      0    0eng c</controlfield><datafield ind1=" " ind2=" " tag="010"><subfield code="a">sn 88061228 </subfield></datafield><datafield ind1=" " ind2=" " tag="040"><subfield code="a">KNP</subfield><subfield code="b">eng</subfield><subfield code="c">KNP</subfield><subfield code="d">NVF</subfield><subfield code="d">KNP</subfield><subfield code="d">NVF</subfield><subfield code="d">OCLCF</subfield><subfield code="d">OCLCO</subfield></datafield><datafield ind1="1" ind2=" " tag="029"><subfield code="a">AU@</subfield><subfield code="b">000020667918</subfield></datafield><datafield ind1=" " ind2=" " tag="042"><subfield code="a">pcc</subfield></datafield><datafield ind1=" " ind2=" " tag="043"><subfield code="a">n-us-il</subfield></datafield><datafield ind1="0" ind2=" " tag="130"><subfield code="a">Urbana daily courier (Urbana, Ill. : 1915)</subfield></datafield><datafield ind1="1" ind2="4" tag="245"><subfield code="a">The Urbana daily courier.</subfield></datafield><datafield ind1=" " ind2=" " tag="260"><subfield code="a">Urbana, Ill. :</subfield><subfield code="b">Urbana Courier Co.,</subfield><subfield code="c">1915-1934.</subfield></datafield><datafield ind1="3" ind2=" " tag="260"><subfield code="3">Sept. 8, 1933-Feb. 1, 1934</subfield><subfield code="a">Urbana, Ill. :</subfield><subfield code="b">A.T. Burrows</subfield></datafield><datafield ind1=" " ind2=" " tag="300"><subfield code="a">v.</subfield></datafield><datafield ind1=" " ind2=" " tag="310"><subfield code="a">Daily (except Sunday and holidays)</subfield></datafield><datafield ind1="0" ind2=" " tag="362"><subfield code="a">27th year, no. 77 (Mar. 8, 1915)-55th year, no. 27 (Feb. 1, 1934).</subfield></datafield><datafield ind1=" " ind2=" " tag="515"><subfield code="a">Continues the numbering of Urbana courier-herald.</subfield></datafield><datafield ind1=" " ind2="0" tag="651"><subfield code="a">Urbana (Ill.)</subfield><subfield code="v">Newspapers.</subfield></datafield><datafield ind1=" " ind2="0" tag="651"><subfield code="a">Champaign County (Ill.)</subfield><subfield code="v">Newspapers.</subfield></datafield><datafield ind1=" " ind2="7" tag="655"><subfield code="a">Newspapers.</subfield><subfield code="2">fast</subfield><subfield code="0">(OCoLC)fst01423814</subfield></datafield><datafield ind1=" " ind2="7" tag="651"><subfield code="a">Illinois</subfield><subfield code="z">Champaign County.</subfield><subfield code="2">fast</subfield><subfield code="0">(OCoLC)fst01208069</subfield></datafield><datafield ind1=" " ind2="7" tag="651"><subfield code="a">Illinois</subfield><subfield code="z">Urbana.</subfield><subfield code="2">fast</subfield><subfield code="0">(OCoLC)fst01211927</subfield></datafield><datafield ind1=" " ind2=" " tag="752"><subfield code="a">United States</subfield><subfield code="b">Illinois</subfield><subfield code="c">Champaign</subfield><subfield code="d">Urbana.</subfield></datafield><datafield ind1="0" ind2="0" tag="780"><subfield code="t">Urbana courier-herald</subfield><subfield code="w">(DLC)sn 88061227</subfield><subfield code="w">(OCoLC)18604305</subfield></datafield><datafield ind1="0" ind2="0" tag="785"><subfield code="t">Urbana courier (Urbana, Ill. : 1934)</subfield><subfield code="w">(DLC)sn 92053104</subfield><subfield code="w">(OCoLC)25106369</subfield></datafield><datafield ind1="4" ind2="1" tag="856"><subfield code="3">(1915-1925, 1927-1934) available online:</subfield><subfield code="u">www.library.illinois.edu/dnc/idnc</subfield></datafield></record>